
% Love me some BibTex

@article{Kaess08tro,
   author = {M. Kaess and A. Ranganathan and F. Dellaert},
   title = {{iSAM}: Incremental Smoothing and Mapping},
   journal = {IEEE Trans. on Robotics, TRO},
   volume = {24},
   number = {6},
   pages = {1365-1378},
   month = {Dec},
   year = {2008}
}


@book{thrun2005probabilistic,
  title={Probabilistic Robotics},
  author={Thrun, S. and Burgard, W. and Fox, D.},
  year={2005},
  publisher={MIT Press}
}

@book{golub1996matrix,
  title={Matrix computations},
  author={Golub, G.H. and Van Loan, C.F.},
  volume={3},
  year={1996},
  publisher={Johns Hopkins Univ Pr}
}